@Book{petz08,
author = {D{\'e}nes Petz},
title = {Quantum Information Theory and Statistics},
publisher = {Springer},
year = 2008
}
@Article{Woo01,
author = {W. K. Wootters},
title = {Entanglement of formation and concurrence},
journal = {Quantum Information and Computation},
year = 2001,
volume = 1,
pages = {27--47}
}